<record><leader>00000cas a2200000 i 4500</leader><controlfield tag="001">945470232</controlfield><controlfield tag="008">160323d18611862oruwr ne      0    0eng c</controlfield><datafield ind1=" " ind2=" " tag="010"><subfield code="a">  2016260093</subfield></datafield><datafield ind1=" " ind2=" " tag="040"><subfield code="a">ORU</subfield><subfield code="b">eng</subfield><subfield code="e">rda</subfield><subfield code="c">ORU</subfield><subfield code="d">OCLCF</subfield></datafield><datafield ind1=" " ind2=" " tag="042"><subfield code="a">pcc</subfield></datafield><datafield ind1=" " ind2=" " tag="043"><subfield code="a">n-us-or</subfield></datafield><datafield ind1="0" ind2=" " tag="130"><subfield code="a">Oregon advertiser (Portland, Or. : 1861)</subfield></datafield><datafield ind1="0" ind2="4" tag="245"><subfield code="a">The Oregon advertiser.</subfield></datafield><datafield ind1=" " ind2="1" tag="264"><subfield code="a">Portland, Oregon :</subfield><subfield code="b">McCormick &amp; Curry, Publishers,</subfield><subfield code="c">1861-1862.</subfield></datafield><datafield ind1="3" ind2="1" tag="264"><subfield code="3">&lt;1862-&gt;:</subfield><subfield code="a">Portland, Oregon :</subfield><subfield code="b">George L. Curry &amp; Co., Publishers</subfield></datafield><datafield ind1=" " ind2=" " tag="300"><subfield code="a">voulumes</subfield></datafield><datafield ind1=" " ind2=" " tag="310"><subfield code="a">Weekly</subfield></datafield><datafield ind1=" " ind2=" " tag="336"><subfield code="a">text</subfield><subfield code="b">txt</subfield><subfield code="2">rdacontent</subfield></datafield><datafield ind1=" " ind2=" " tag="337"><subfield code="a">unmediated</subfield><subfield code="b">n</subfield><subfield code="2">rdamedia</subfield></datafield><datafield ind1=" " ind2=" " tag="338"><subfield code="a">volume</subfield><subfield code="b">nc</subfield><subfield code="2">rdacarrier</subfield></datafield><datafield ind1="1" ind2=" " tag="362"><subfield code="a">Began with Vol. 1, No. 1 (January 19, 1861).</subfield></datafield><datafield ind1="1" ind2=" " tag="362"><subfield code="a">Ceased in 1862.</subfield><subfield code="z">Cf. Turnbull, George S. History of Oregon newspapers.</subfield></datafield><datafield ind1=" " ind2=" " tag="530"><subfield code="a">Also available on microfilm from University of Oregon.</subfield></datafield><datafield ind1=" " ind2=" " tag="588"><subfield code="a">Description based on: Vol. 1, No. 1 (January 19, 1861); title from masthead.</subfield></datafield><datafield ind1=" " ind2=" " tag="588"><subfield code="a">Latest issue consulted: Vol. 2, No. 5 (February 22, 1862).</subfield></datafield><datafield ind1=" " ind2="7" tag="655"><subfield code="a">Newspapers.</subfield><subfield code="2">lcgft</subfield></datafield><datafield ind1=" " ind2="7" tag="655"><subfield code="a">Newspapers.</subfield><subfield code="2">fast</subfield><subfield code="0">(OCoLC)fst01423814</subfield></datafield><datafield ind1=" " ind2=" " tag="752"><subfield code="a">United States</subfield><subfield code="b">Oregon</subfield><subfield code="d">Portland.</subfield></datafield><datafield ind1="1" ind2=" " tag="775"><subfield code="t">Portland daily advertiser (Portland, Or.)</subfield><subfield code="w">(DLC)sn 84022664</subfield><subfield code="w">(OCoLC)10524810</subfield></datafield></record>